@article{intro-1,
    title = {Web-технология доступа к географическим данным},
    author = {Гриценко~Ю.~Б., Еськин~Д.~М., Жуковский~О.~И. and Игушев~К.~В.},
    url = {https://cyberleninka.ru/article/n/web-tehnologiya-dostupa-k-geograficheskim-dannym},
    urldate = {2024-10-02}
}

@article{rdbms-spatial-extensions,
    title = {Efficient storage of heterogeneous geospatial data in spatial databases.},
    author = {Sveen, A.F.},
    year = {2019},
    journal = "Journal Big Data",
    volume = 6,
    doi = "https://doi.org/10.1186/s40537-019-0262-8",
    url = {https://rdcu.be/dYsfo},
    urldate = {2024-10-05}
}

@article{pg-docs,
    title = {PostgreSQL Documentation},
    url = {https://www.postgresql.org/docs/},
    urldate = {2024-10-05}
}

@article{postgis-docs,
    title = {PostGIS Manual},
    url = {https://postgis.net/docs/},
    urldate = {2024-10-05}
}

@article{oracle-docs,
    title = {Oracle Database Documentation},
    url = {https://docs.oracle.com/en/database/oracle/oracle-database/},
    urldate = {2024-10-05}
}

@article{oracle-spatial-docs,
    title = {Oracle Spatial Documentation},
    url = {https://gdal.org/en/latest/drivers/vector/oci.html},
    urldate = {2024-10-05}
}

@article{geojson,
    title = {Comparative evaluation of NoSQL and relational 
    databases performance while analyzing semi--structured
    geospatial data},
    author = {Mohamad Hasan, 
    Evgeny Panidi and
    Vladimir Badenko},
    doi = {http://dx.doi.org/10.18509/GBP.2019.64},
    url = {https://www.researchgate.net/profile/Vladimir-Badenko-2/publication/335573656_COMPARATIVE_EVALUATION_OF_NOSQL_AND_RELATIONAL_DATABASES_PERFORMANCE_WHILE_ANALYZING_SEMI-STRUCTURED_GEOSPATIAL_DATA/links/5e36ec48299bf1cdb9083203/COMPARATIVE-EVALUATION-OF-NOSQL-AND-RELATIONAL-DATABASES-PERFORMANCE-WHILE-ANALYZING-SEMI-STRUCTURED-GEOSPATIAL-DATA.pdf},
    urldate = {2024-10-15}
}

@article{transport-geo,
    title = {ТЕОРЕТИЧЕСКИЕ ОСНОВЫ ГЕОИНФОРМАЦИОННОЙ СИСТЕМЫ},
    journal = {Научный журнал},
    year = {2021},
    url = {https://cyberleninka.ru/article/n/teoreticheskie-osnovy-geoinformatsionnoy-sistemy},
    urldate = {2024-10-15},
    author = {Зайцева~Н.~М. and Тайлаков~А.~А.}
}

@inproceedings{quadtree,
    author = {Kanth, Kothuri and Ravada, Siva and Abugov, Daniel},
    year = {2002},
    month = {01},
    pages = {546-557},
    title = {Quadtree and R-tree indexes in Oracle Spatial: A comparison using GIS data},
    journal = {Proceedings of the ACM SIGMOD International Conference on Management of Data}
}

@book{sequence-scan,
    author = {Regina O. Obe and Leo S. Hsu},
    title = {PostGIS in Action},
    edition   = {2nd},
    publisher = {Manning Publications},
    year      = {2015},
    isbn      = {9781617291395},
    url       = {https://www.manning.com/books/postgis-in-action-second-edition}
}

@book{shekhar2003spatial,
    title={Spatial Databases: A Tour},
    author={Shashi Shekhar and Sanjay Chawla},
    year={2003},
    publisher={Prentice Hall},
    isbn={978-0130174805}
}

@ARTICLE{unevenly-distributed,
    author={Yan, Yan and Gao, Xin and Mahmood, Adnan and Feng, Tao and Xie, Pengshou},
    journal={IEEE Access}, 
    title={Differential Private Spatial Decomposition and Location Publishing Based on Unbalanced Quadtree Partition Algorithm}, 
    year={2020},
    volume={8},
    number={},
    pages={104775-104787},
    doi={10.1109/ACCESS.2020.2999580}
}
